@booklet{Jensen,
  title        = {Computational Physics: 
Lecture Notes Fall 2015},
  author       = {Morten Hjorth-Jensen}, 

  address      = {Department of Physics, University of Oslo},
  month        = 8,
  year         = 2015,
  note         = {Chapter 2 and 6}
}
